@article{kitano1998robocup,
  title={The RoboCup humanoid challenge as the millennium challenge for advanced robotics},
  author={Kitano, Hiroaki and Asada, Minoru},
  journal={Advanced Robotics},
  volume={13},
  number={8},
  pages={723--736},
  year={1998},
  publisher={Taylor \& Francis}
}

@article{gerndt2015humanoid,
  title={Humanoid robots in soccer: Robots versus humans in RoboCup 2050},
  author={Gerndt, Reinhard and Seifert, Daniel and Baltes, Jacky Hansjoerg and Sadeghnejad, Soroush and Behnke, Sven},
  journal={IEEE Robotics \& Automation Magazine},
  volume={22},
  number={3},
  pages={147--154},
  year={2015},
  publisher={IEEE}
}


@book{siciliano2016springer,
  title={Springer handbook of robotics},
  author={Siciliano, Bruno and Khatib, Oussama},
  year={2016},
  publisher={Springer}
}
@book{bradski2008learning,
  title={Learning OpenCV: Computer vision with the OpenCV library},
  author={Bradski, Gary and Kaehler, Adrian},
  year={2008},
  publisher={" O'Reilly Media, Inc."}
}

@article{weng1992camera,
  title={Camera calibration with distortion models and accuracy evaluation},
  author={Weng, Juyang and Cohen, Paul and Herniou, Marc},
  journal={IEEE Transactions on Pattern Analysis \& Machine Intelligence},
  number={10},
  pages={965--980},
  year={1992},
  publisher={IEEE}
}

@ARTICLE{4767941,
author={R. M. {Haralick} and S. R. {Sternberg} and X. {Zhuang}},
journal={IEEE Transactions on Pattern Analysis and Machine Intelligence},
title={Image Analysis Using Mathematical Morphology},
year={1987},
volume={PAMI-9},
number={4},
pages={532-550},
keywords={Image analysis;Morphology;Shape;Machine vision;Image texture analysis;Logic arrays;Convolution;Morphological operations;Robotic assembly;Computer architecture;Closing;dilation;erosion;filtering;image analysis;morphology;opening;shape analysis},
doi={10.1109/TPAMI.1987.4767941},
ISSN={0162-8828},
month={July},}

@article{pyo2015ros,
  title={ROS robot programming},
  author={Pyo, YoonSeok and Cho, H and Jung, L and Lim, D},
  journal={Seoul, ROBOTIS Co},
  year={2015}
}
@article{capshew1993engineering,
  title={Engineering behavior: project Pigeon, World War II, and the conditioning of BF Skinner},
  author={Capshew, James H},
  journal={Technology and culture},
  volume={34},
  number={4},
  pages={835},
  year={1993},
  publisher={Wayne State University Press}
}

@inproceedings{schwarz2013humanoid,
  title={Humanoid teensize open platform nimbro-op},
  author={Schwarz, Max and Pastrana, Julio and Allgeuer, Philipp and Schreiber, Michael and Schueller, Sebastian and Missura, Marcell and Behnke, Sven},
  booktitle={Robot Soccer World Cup},
  pages={568--575},
  year={2013},
  organization={Springer}
}

@inproceedings{missura2012robocup,
  title={Robocup 2012 best humanoid award winner nimbro teensize},
  author={Missura, Marcell and M{\"u}nstermann, Cedrick and Mauelshagen, Malte and Schreiber, Michael and Behnke, Sven},
  booktitle={Robot Soccer World Cup},
  pages={89--93},
  year={2012},
  organization={Springer}
}

@inproceedings{behnke2006see,
  title={See, walk, and kick: Humanoid robots start to play soccer},
  author={Behnke, Sven and Schreiber, Michael and Stuckler, Jorg and Renner, Reimund and Strasdat, Hauke},
  booktitle={2006 6th IEEE-RAS International Conference on Humanoid Robots},
  pages={497--503},
  year={2006},
  organization={IEEE}
}
@misc{welch1995introduction,
  title={An introduction to the Kalman filter},
  author={Welch, Greg and Bishop, Gary and others},
  year={1995},
  publisher={Citeseer}
}

@article{davi2017ITAndroids,
  title={ITAndroids HumanoidTeam Description Paper for RoboCup 2017},
  author={Herculano, Daniela Vacarini, Igor Silva, Leonardo Cunha, Luis Aguiar,Marcos Maximo, Miguel Angelo, and Samuel Pinto, et al.},
  pages={5},
  year={2017},
  publisher={IEEE}
}

@article{farazi2016nimbro,
  title={NimbRo TeenSize team description 2016},
  author={Farazi, Hafez and Allgeuer, Philipp and Ficht, Grzegorz and Behnke, Sven},
  journal={RoboCup Humanoid League Team Descriptions},
  year={2016}
}

@article{suryantot,
  title={T-FLoW TEAM},
  author={Suryanto, Ajir and Dewi, Yasinta Musa}
}

@article{raziichiro,
  title={ICHIRO TEAM-Team Description Paper Humanoid TeenSize League of Robocup 2018},
  author={Razi, Muhammad Reza Ar and Arifin, Muhammad and Muhtadin, Dhany Satrio Wicaksono and Setiawan, Enggar Dywari S and Fahmy, M Noval and Asshakina, Syfaul Qolby and Dzaka, M Abyan}
}

@misc{pineda2017computacion,
  title={La Computaci{\'o}n en M{\'e}xico por especialidades ac{\'a}demicas},
  author={Pineda Cort{\'e}s, LA},
  year={2017},
  publisher={M{\'e}xico: Ac{\'a}demia Mexicana de Computaci{\'o}n AC}
}
@inproceedings{sakagami2002intelligent,
  title={The intelligent ASIMO: System overview and integration},
  author={Sakagami, Yoshiaki and Watanabe, Ryujin and Aoyama, Chiaki and Matsunaga, Shinichi and Higaki, Nobuo and Fujimura, Kikuo},
  booktitle={IEEE/RSJ international conference on intelligent robots and systems},
  volume={3},
  pages={2478--2483},
  year={2002},
  organization={IEEE}
}

@article{heijmans1999connected,
  title={Connected morphological operators for binary images},
  author={Heijmans, Henk JAM},
  journal={Computer Vision and Image Understanding},
  volume={73},
  number={1},
  pages={99--120},
  year={1999},
  publisher={Elsevier}
}

@inproceedings{culjak2012brief,
  title={A brief introduction to OpenCV},
  author={Culjak, Ivan and Abram, David and Pribanic, Tomislav and Dzapo, Hrvoje and Cifrek, Mario},
  booktitle={2012 proceedings of the 35th international convention MIPRO},
  pages={1725--1730},
  year={2012},
  organization={IEEE}
}
